<record><leader>00000cas a22000007a 4500</leader><controlfield tag="001">13503719</controlfield><controlfield tag="008">860428d19741999inudn ne      0    0eng d</controlfield><datafield ind1=" " ind2=" " tag="010"><subfield code="a">sn 86058504 </subfield></datafield><datafield ind1=" " ind2=" " tag="040"><subfield code="a">NPI</subfield><subfield code="b">eng</subfield><subfield code="c">NPI</subfield><subfield code="d">OCLCQ</subfield><subfield code="d">OCLCF</subfield><subfield code="d">OCLCO</subfield><subfield code="d">IUL</subfield></datafield><datafield ind1=" " ind2=" " tag="042"><subfield code="a">msc</subfield></datafield><datafield ind1=" " ind2=" " tag="043"><subfield code="a">n-us-in</subfield></datafield><datafield ind1="0" ind2=" " tag="130"><subfield code="a">Reporter (Martinsville, Ind.)</subfield></datafield><datafield ind1="1" ind2="0" tag="245"><subfield code="a">Reporter.</subfield></datafield><datafield ind1="3" ind2="0" tag="246"><subfield code="a">Martinsville, Ind., daily reporter</subfield><subfield code="f">Jan. 18, 1974-Dec. 16, 1976</subfield></datafield><datafield ind1="3" ind2="0" tag="246"><subfield code="a">Daily reporter</subfield><subfield code="f">Oct. 2, 1986-Apr. 1, 1996</subfield></datafield><datafield ind1="1" ind2="3" tag="246"><subfield code="a">Martinsville daily reporter</subfield><subfield code="f">Jan. 18, 1974-Feb. 19, 1988</subfield></datafield><datafield ind1=" " ind2=" " tag="260"><subfield code="a">Martinsville, Ind. :</subfield><subfield code="b">Reporter Pub. Co.,</subfield><subfield code="c">1974-1999.</subfield></datafield><datafield ind1=" " ind2=" " tag="300"><subfield code="a">26 v. :</subfield><subfield code="b">ill. ;</subfield><subfield code="c">58 cm.</subfield></datafield><datafield ind1=" " ind2=" " tag="310"><subfield code="a">Daily (except Sun. and certain holidays)</subfield></datafield><datafield ind1="0" ind2=" " tag="362"><subfield code="a">85th year, no. 16 (Jan. 18, 1974)-110th year, no. 64 (Mar. 13 &amp; 14, 1999).</subfield></datafield><datafield ind1=" " ind2=" " tag="500"><subfield code="a">Republican Cf. Ayer directory of publications.</subfield></datafield><datafield ind1=" " ind2="0" tag="651"><subfield code="a">Martinsville (Ind.)</subfield><subfield code="v">Newspapers.</subfield></datafield><datafield ind1=" " ind2="7" tag="651"><subfield code="a">Indiana</subfield><subfield code="z">Martinsville.</subfield><subfield code="2">fast</subfield><subfield code="0">(OCoLC)fst01232308</subfield></datafield><datafield ind1=" " ind2="7" tag="655"><subfield code="a">Newspapers.</subfield><subfield code="2">fast</subfield><subfield code="0">(OCoLC)fst01423814</subfield></datafield><datafield ind1=" " ind2=" " tag="752"><subfield code="a">United States</subfield><subfield code="b">Indiana</subfield><subfield code="c">Morgan</subfield><subfield code="d">Martinsville.</subfield></datafield><datafield ind1="0" ind2="0" tag="780"><subfield code="t">Martinsville daily reporter</subfield><subfield code="w">(DLC)sn 86058503</subfield><subfield code="w">(OCoLC)13503683</subfield></datafield><datafield ind1="0" ind2="5" tag="780"><subfield code="t">Morgan County gazette (Martinsville, Ind. : 1970)</subfield><subfield code="w">(DLC)sn 86058501</subfield><subfield code="w">(OCoLC)13503580</subfield></datafield><datafield ind1="0" ind2="0" tag="785"><subfield code="t">Reporter-times</subfield><subfield code="w">(DLC)sn 99063504</subfield><subfield code="w">(OCoLC)42205536</subfield></datafield></record>